@inproceedings{zhang2019prediction,
	title={Prediction of Gas Concentration Based on ARIMA and GARCH Model},
	author={Zhang, Lizhi and Yang, Zaihua},
	booktitle={2019 2nd International Conference on Sustainable Energy, Environment and Information Engineering (SEEIE 2019)},
	year={2019},
	organization={Atlantis Press}
}
@article{刘思峰2013灰色关联分析模型研究进展,
	title={灰色关联分析模型研究进展},
	author={刘思峰 and 蔡华 and 杨英杰 and 曹颖},
	journal={系统工程理论与实践},
	volume={33},
	number={8},
	pages={2041--2046},
	year={2013}
}
@article{conejo2005day,
	title={Day-ahead electricity price forecasting using the wavelet transform and ARIMA models},
	author={Conejo, Antonio J and Plazas, Miguel A and Espinola, Rosa and Molina, Ana B},
	journal={IEEE transactions on power systems},
	volume={20},
	number={2},
	pages={1035--1042},
	year={2005},
	publisher={IEEE}
}
@article{宋超2016基于,
	title={基于 Elman 神经网络的短期天然气负荷预测建模与仿真},
	author={宋超 and 宋娟 and 任军},
	journal={工业控制计算机},
	number={4},
	pages={87--88},
	year={2016}
}
@article{鞠武2014中国天然气市场供需趋势研究,
	title={中国天然气市场供需趋势研究},
	author={鞠武 and 练迪克},
	journal={经济师},
	number={9},
	pages={66--68},
	year={2014}
}
@article{孙相博2019基于改进灰色,
	title={基于改进灰色 GM (1, 1) 模型的天然气负荷预测},
	author={孙相博 and 王岳},
	journal={辽宁石油化工大学期刊社},
	volume={39},
	number={03},
	pages={52--57},
	year={2019}
}
@article{段功豪2017诱发因素影响下的滑坡参数优化预测模型研究,
	title={诱发因素影响下的滑坡参数优化预测模型研究},
	author={段功豪 and 牛瑞卿 and 彭令 and 付杰},
	journal={武汉大学学报{\textperiodcentered} 信息科学版},
	volume={42},
	number={4},
	pages={531--536},
	year={2017}
}
@article{刘涵2004基于最小二乘支持向量机的天然气负荷预测,
	title={基于最小二乘支持向量机的天然气负荷预测},
	author={刘涵 and 刘丁 and 郑岗 and 梁炎明 and 宋念龙},
	journal={化工学报},
	volume={55},
	number={5},
	pages={828--832},
	year={2004}
}
@article{刘罗曼2010时间序列平稳性检验,
	title={时间序列平稳性检验},
	author={刘罗曼},
	journal={沈阳师范大学学报: 自然科学版},
	volume={28},
	number={3},
	pages={357--359},
	year={2010}
}
@article{wang2015improving,
	title={Improving forecasting accuracy of annual runoff time series using ARIMA based on EEMD decomposition},
	author={Wang, Wen-chuan and Chau, Kwok-wing and Xu, Dong-mei and Chen, Xiao-Yun},
	journal={Water Resources Management},
	volume={29},
	number={8},
	pages={2655--2675},
	year={2015},
	publisher={Springer}
}