@article{任彧2011基于,
  title={基于HOG特征和SVM的手势识别},
  author={任彧 and 顾成成},
  journal={科技通报},
  volume={27},
  number={2},
  pages={211-214},
  year={2011},
}
@phdthesis{王瑶2017基于,
	title={基于PCA-HOG与LBP特征融合的静态手势识别方法研究},
	author={王瑶},
	school={兰州理工大学},
	year={2017},
}
@book{goossens97, 
	author = {Goossens, Michel and Rahtz, Sebastian and Mittelbach, Frank}, 
	title = {The \LaTeX\ graphics companion: illustrating documents with \TeX\ and {PostScript}}, 
	publisher = {Addison Wesley Longman, Inc}, 
	year = 1997 
} 
@inproceedings{talbot97, 
	author = {Talbot, Nicola and Cawley, Gavin’}, 
	title = {A fast index assignment algorithm for robust vector quantisation of image data}, 
	booktitle = {Proceedings of the I.E.E.E. International Conference on Image Processing}, 
	address = {Santa Barbara, California, USA}, 
	month = oct, 
	year = 1997 
}
@article{任2011基于,
	title={基于HOG特征和SVM的手势识别},
	author={任彧 and 顾成成},
	journal={科技通报},
	volume={27},
	number={2},
	pages={211-214},
	year={2011},
}
@phdthesis{王瑶217基于,
	title={基于PCA-HOG与LBP特征融合的静态手势识别方法研究},
	author={王瑶},
	school={兰州理工大学},
	year={2017},
}
@article{任彧201基于,
	title={基于HOG特征和SVM的手势识别},
	author={任彧 and 顾成成},
	journal={科技通报},
	volume={27},
	number={2},
	pages={211-214},
	year={2011},
}
@phdthesis{王瑶2017基,
	title={基于PCA-HOG与LBP特征融合的静态手势识别方法研究},
	author={王瑶},
	school={兰州理工大学},
	year={2017},
}
@article{任彧2011基,
	title={基于HOG特征和SVM的手势识别},
	author={任彧 and 顾成成},
	journal={科技通报},
	volume={27},
	number={2},
	pages={211-214},
	year={2011},
}
@phdthesis{王瑶2017,
	title={基于PCA-HOG与LBP特征融合的静态手势识别方法研究},
	author={王瑶},
	school={兰州理工大学},
	year={2017},
}
