@misc{pasko2016unmanned,
	title={Unmanned aerial vehicle flight path determination, optimization, and management},
	author={Pasko, Douglas M and Srivastava, Ashok N and Batla, Hani and Kantor, Igor and Ubhi, Gurpreet},
	year={2016},
	month=may # "~10",
	publisher={Google Patents},
	note={US Patent 9,334,052}
}
@article{田春颖2004基于栅格地图的移动机器人完全遍历算法,
	title={基于栅格地图的移动机器人完全遍历算法——矩形分解法},
	author={田春颖 and 刘瑜 and 冯申珅 and 朱世强},
	journal={机械工程学报},
	volume={40},
	number={10},
	pages={56--61},
	year={2004}
}
@article{hasanipanah2018feasibility,
	title={Feasibility of PSO--ANFIS model to estimate rock fragmentation produced by mine blasting},
	author={Hasanipanah, Mahdi and Amnieh, Hassan Bakhshandeh and Arab, Hossein and Zamzam, Mohammad Saber},
	journal={Neural Computing and Applications},
	volume={30},
	number={4},
	pages={1015--1024},
	year={2018},
	publisher={Springer}
}