@article{liu2019treatment,
	title={Treatment of trace thallium in contaminated source waters by ferrate pre-oxidation and poly aluminium chloride coagulation},
	author={Liu, Yulei and Zhang, Jing and Huang, Haiming and Huang, Zhuangsong and Xu, Chengbiao and Guo, Guojun and He, Haiyang and Ma, Jun},
	journal={Separation and Purification Technology},
	year={2019},
	publisher={Elsevier}
}
@article{邓朝华2017浅谈长江航道表面流速流向的数据采集,
	title={浅谈长江航道表面流速流向的数据采集},
	author={邓朝华},
	journal={中国水运: 航道科技},
	number={1},
	pages={75--80},
	year={2017}
}
@phdthesis{张永祥2018龙江河镉污染分布及迁移研究,
	title={龙江河镉污染分布及迁移研究},
	author={张永祥},
	year={2018},
	pages={95--103},
	school={广西大学}
}
@mastersthesis{沈凤文2016点源污染的移动式检测定位及应用,
	title={点源污染的移动式检测定位及应用},
	author={沈凤文},
	year={2016},
	pages={101--120},
	school={湖南大学}
}
@article{geng2019novel,
	title={A Novel Spatial Optimization Model for Achieve the trad-offs placement of best management practices for agricultural non-point source pollution control at multi-spatial scales},
	author={Geng, Runzhe and Sharpley, Andrew N},
	journal={Journal of Cleaner Production},
	year={2019},
	publisher={Elsevier}
}
@article{ahn2019uncertainty,
	title={Uncertainty Analysis for Mean Flow Velocity and Discharge Measurements using Floats based on Large-Scale Experiments},
	author={Ahn, Myeonghui and Yoon, Byungman and Ji, Un},
	journal={KSCE Journal of Civil Engineering},
	pages={1--8},
	year={2019},
	publisher={Springer}
}
@article{xie2019intra,
	title={Intra-and inter-event characteristics and controlling factors of agricultural nonpoint source pollution under different types of rainfall-runoff events},
	author={Xie, Hui and Dong, Jianwei and Shen, Zhenyao and Chen, Lei and Lai, Xijun and Qiu, Jiali and Wei, Guoyuan and Peng, Yexuan and Chen, Xinquan},
	journal={Catena},
	volume={182},
	pages={104105},
	year={2019},
	publisher={Elsevier}
}
@article{miyabe2011estimation,
	title={Estimation of molecular diffusivity in liquid phase systems by the Wilke--Chang equation},
	author={Miyabe, Kanji and Isogai, Ryo},
	journal={Journal of Chromatography A},
	volume={1218},
	number={38},
	pages={6639--6645},
	year={2015},
	publisher={Elsevier}
}
